<?xml version="1.0" encoding="UTF-8"?><collection xmlns="http://www.loc.gov/MARC21/slim"><record><leader>00433nam--2200121-i-4500</leader><controlfield tag="001">000043330</controlfield><controlfield tag="002">20161230</controlfield><controlfield tag="005">20161230201044</controlfield><controlfield tag="008">060222s1000------------r-----000-0-eng-d</controlfield><datafield ind1=" " ind2=" " tag="245"><subfield code="a">Symposium on fluorescent x-ray spectrographic analysis. presented at the 56th annual meeting of the american soc.for..</subfield></datafield><datafield ind1=" " ind2=" " tag="260"><subfield code="a">Philadelphia, American Soc.For Testting Materials, 1954. 68 P.+fig</subfield></datafield><datafield ind1=" " ind2=" " tag="490"><subfield code="a">Astm Special Technical Publ</subfield></datafield><datafield ind1=" " ind2=" " tag="852"><subfield code="a">12177</subfield></datafield></record></collection>